

@article{chen2011,
  title={The effect of investor origin on firm performance: Domestic and foreign direct investment in the United States},
  author={Chen, Wenjie},
  journal={Journal of international economics},
  volume={83},
  number={2},
  pages={219--228},
  year={2011},
  publisher={Elsevier}
}